%% BOOKS %%

@book{compint,
    title     = {Computational Intelligence},
    author    = {Engelbrecht, A.P.},
    isbn      = {9780470035610},
    year      = {2008},
    publisher = {John Wiley \& Sons},
	edition   = 2
}
%% END OF BOOKS %%

%% ARTICLES %%

@article{neuroevolution_review,
	author  = {Stanley, K.O. and Clune, J. and Lehman, J. and Miikkulainen, R.},
	title   = {Designing Neural Networks through Neuroevolution},
	journal = {Nat Mach Intell},
	volume  = {1},
	year    = {2019},
	pages   = {24-35},
	month   = jan,
	issn    = {1},
	doi     = {10.1038/s42256-018-0006-z},
	url     = {https://doi.org/10.1038/s42256-018-0006-z}
}

@phdthesis{neat_phd,
    title    = {Efficient Evolution of Neural Networks through Complexification},
    school   = {University of Texas},
    author   = {Stanley, K.O.},
    year     = {2004}
}

@article{neat_main,
	author = {Stanley, K.O. and Miikkulainen, R.},
	title = {Evolving Neural Networks through Augmenting Topologies},
	journal = {Evolutionary Computation},
	volume = {10},
	number = {2},
	pages = {99-127},
	year = {2002},
	month = mar,
	doi = {10.1162/106365602320169811},
	url = {https://doi.org/10.1162/106365602320169811}
}

@INPROCEEDINGS{neat_short,
  author={K. O. {Stanley} and R. {Miikkulainen}},
  booktitle={Proceedings of the 2002 Congress on Evolutionary Computation. CEC'02 (Cat. No.02TH8600)},
  title={Efficient evolution of neural network topologies},
  year={2002},
  volume={2},
  number={},
  pages={1757-1762 vol.2},
  doi={10.1109/CEC.2002.1004508}
}


@article{universality_formal,
	author = {Cybenko, G.},
	title = {Approximation by superpositions of a sigmoidal function},
	journal = {Math. Control Signal Systems},
	volume = {2},
	number = {4},
	pages = {303-314},
	year = {1989},
	month   = dec,
	doi = {10.1007/BF02551274},
	url = {https://doi.org/10.1007/BF02551274}
}

@article{hyper_neat,
author = {Stanley, K. O. and D'Ambrosio, D. B. and Gauci, J.},
title = {A Hypercube-Based Encoding for Evolving Large-Scale Neural Networks},
journal = {Artificial Life},
volume = {15},
number = {2},
pages = {185-212},
year = {2009},
doi = {10.1162/artl.2009.15.2.15202},
URL = {https://doi.org/10.1162/artl.2009.15.2.15202},
eprint = { https://doi.org/10.1162/artl.2009.15.2.15202}
}


@INPROCEEDINGS{mujoco,

  author={E. {Todorov} and T. {Erez} and Y. {Tassa}},
  booktitle={2012 IEEE/RSJ International Conference on Intelligent Robots and Systems},
  title={MuJoCo: A physics engine for model-based control},
  year={2012},
  volume={},
  number={},
  pages={5026-5033},
  doi={10.1109/IROS.2012.6386109}
}

@inproceedings{ns_study,
author = {Gomes, J. and Mariano, P. and Christensen, A.},
title = {Devising Effective Novelty Search Algorithms: A Comprehensive Empirical Study},
year = {2015},
isbn = {9781450334723},
publisher = {Association for Computing Machinery},
address = {New York, NY, USA},
url = {https://doi.org/10.1145/2739480.2754736},
doi = {10.1145/2739480.2754736},
booktitle = {Proceedings of the 2015 Annual Conference on Genetic and Evolutionary Computation},
pages = {943â€“950},
numpages = {8},
keywords = {evolutionary robotics, premature convergence, novelty search, empirical study, neuroevolution},
location = {Madrid, Spain},
series = {GECCO '15}
}

%
%% END OF ARTICLES %%

%% THESISES %%

%% END OF THESISES %%

%% MISC/WEBSITES/ETC %%

% NOTE: do NOT forget to add a accessed-by date!
@misc{universality_informal,
	author = {Nielsen, M.},
	title = {{A visual proof that neural nets can compute any function}},
	howpublished = "\url{http://neuralnetworksanddeeplearning.com/chap4.html}",
	year = {2019},
	note = {Accessed: 2020-10-22}
}
